@misc{def_of_family, title={Definition of family of a distribution}, url={https://stats.stackexchange.com/questions/320746/definition-of-family-of-a-distribution}, journal={Cross Validated}, author={Stack Exchange}, year={2017}, month={Dec} }
@book{variance, url={https://mbernste.github.io/files/notes/Variance.pdf}, author={Matthew Bernstein}, year={2017} }

