@COMMENT{Tufte2006,
	author = {Stephen D. Boyles},
	title = {Convex Examples},
	year = {2015},
	publisher = {Graphics Press, {LLC}},
	month = {Spring},
	edition = {First},
	place = {Cheshire, Connecticut},
	isbn = {0-9613921-7-7}
}
@BOOK{ConvexExamples2015,
	author = {Stephen D. Boyles},
	title = {Convex Examples},
	year = {2015},
	month = {Spring},
}
@book{grasmair, title={BASIC PROPERTIES OF CONVEX FUNCTIONS}, url={https://wiki.math.ntnu.no/_media/tma4180/2016v/note2.pdf}, author={Grasmair, Markus}, publisher={Norwegian University of Science and Technology} }

